<record><leader>02742cam a2200409 i 4500</leader><controlfield tag="001">6712193</controlfield><controlfield tag="003">FlBoTFG</controlfield><controlfield tag="005">20141020104122.0</controlfield><controlfield tag="006">m    |o  d |      </controlfield><controlfield tag="007">cr |||</controlfield><controlfield tag="008">141020t20152015fluadf  ob    001 0 eng d</controlfield><datafield ind1=" " ind2=" " tag="020"><subfield code="a">9781466586307 (e-book : PDF)</subfield></datafield><datafield ind1=" " ind2=" " tag="035"><subfield code="a">ocn892699025</subfield></datafield><datafield ind1=" " ind2=" " tag="039"><subfield code="a">exclude</subfield></datafield><datafield ind1=" " ind2=" " tag="040"><subfield code="a">FlBoTFG</subfield><subfield code="b">eng</subfield><subfield code="c">FlBoTFG</subfield><subfield code="e">rda</subfield><subfield code="d">AEU</subfield></datafield><datafield ind1=" " ind2="4" tag="050"><subfield code="a">QH205.2</subfield><subfield code="b">.O685 2015</subfield></datafield><datafield ind1=" " ind2=" " tag="090"><subfield code="a">Internet Access</subfield><subfield code="b">AEU</subfield></datafield><datafield ind1="0" ind2="0" tag="245"><subfield code="a">Optical nanoscopy and novel microscopy techniques /</subfield><subfield code="c">edited by Peng Xi.</subfield></datafield><datafield ind1=" " ind2="1" tag="264"><subfield code="a">Boca Raton :</subfield><subfield code="b">Taylor &amp; Francis,</subfield><subfield code="c">[2015]</subfield></datafield><datafield ind1=" " ind2="4" tag="264"><subfield code="c">&#169;2015</subfield></datafield><datafield ind1=" " ind2=" " tag="300"><subfield code="a">1 online resource.</subfield></datafield><datafield ind1=" " ind2=" " tag="336"><subfield code="a">text</subfield><subfield code="2">rdacontent</subfield></datafield><datafield ind1=" " ind2=" " tag="337"><subfield code="a">computer</subfield><subfield code="2">rdamedia</subfield></datafield><datafield ind1=" " ind2=" " tag="338"><subfield code="a">online resource</subfield><subfield code="2">rdacarrier</subfield></datafield><datafield ind1=" " ind2=" " tag="500"><subfield code="a">"A CRC title."</subfield></datafield><datafield ind1=" " ind2=" " tag="504"><subfield code="a">Includes bibliographical references and index.</subfield></datafield><datafield ind1="0" ind2=" " tag="505"><subfield code="a">Optical nanoscopy with stimulated emission depletion / Peng Xi, Hao Xie, Yujia Liu, and Yichen Ding -- Structured illumination microscopy / Dan Dan, Baoli Yao, and Ming Lei -- Super-resolution imaging with stochastic optical reconstruction microscopy (STORM) and photoactivated localization microscopy (PALM) / Yujie Sun -- Small-molecule labeling probes / Jie Wang [and four others] -- Fluorescent proteins for optical microscopy / Pingyong Xu, Mingshu Zhang, and Hao Chang -- Single-molecule imaging with quantum dots / Mohammad U. Zahid and Andrew M. Smith -- Fluorescence detection and lifetime imaging with stimulated emission / Po-Yen Lin, Jianhong Ge, Cuifang Kuang, and Fu-Jen Kao -- Fiber optic microscopy / Jin U. Kang and Xuan Liu -- Scanning ion conductance microscopy / Zhicong Fei, Hui Shi, Yanjun Zhang, and Yuchun Gu -- Advanced photoacoustic microscopy / Yichen Ding, Qiushi Ren, and Changhui Li.</subfield></datafield><datafield ind1=" " ind2=" " tag="506"><subfield code="a">Access restricted to authorized users and institutions.</subfield></datafield><datafield ind1=" " ind2=" " tag="520"><subfield code="a">"Many new methods in light and super-resolution microscopy have been developed over the last few years. This edited volume overviews the latest advances in microscopy, complete with experimental methods and data analysis of the results. Each chapter begins with a brief description of the principles of the technique for clarity and concludes with a set of problems. Cutting-edge microscopy techniques presented include STED, PALM/STORM, and light sheet microscopy"--Provided by publisher.</subfield></datafield><datafield ind1=" " ind2=" " tag="596"><subfield code="a">44</subfield></datafield><datafield ind1=" " ind2="0" tag="650"><subfield code="a">Microscopy.</subfield></datafield><datafield ind1=" " ind2="0" tag="650"><subfield code="a">Microscopes.</subfield></datafield><datafield ind1=" " ind2="0" tag="650"><subfield code="a">Nanotechnology.</subfield></datafield><datafield ind1="1" ind2=" " tag="700"><subfield code="a">Xi, Peng,</subfield><subfield code="e">editor.</subfield></datafield><datafield ind1="4" ind2="0" tag="856"><subfield code="3">University of Alberta Access</subfield><subfield code="u">http://marc.crcnetbase.com/isbn/9781466586307</subfield><subfield code="z">(Unlimited Concurrent Users)</subfield></datafield><datafield ind1=" " ind2=" " tag="949"><subfield code="h">UAIN</subfield><subfield code="z">CRC</subfield></datafield><datafield ind1=" " ind2=" " tag="926"><subfield code="a">Internet Access</subfield><subfield code="w">LC</subfield><subfield code="c">1</subfield><subfield code="i">6712193-1001</subfield><subfield code="l">INTERNET</subfield><subfield code="m">UAINTERNET</subfield><subfield code="r">Y</subfield><subfield code="s">Y</subfield><subfield code="t">E-RESOURCE</subfield><subfield code="u">10/27/2014</subfield><subfield code="x">E-BOOK</subfield><subfield code="z">CRC</subfield></datafield></record>